
@book{10.1002/3527602836,
 author = {Richard Ghez},
 doi = {10.1002/3527602836},
 month = {July},
 publisher = {Wiley},
 title = {A Primer of Diffusion Problems},
 url = {https://doi.org/10.1002/3527602836},
 year = {1988}
}

@article{10.1002/bbpc.19900940313,
 author = {U. Balucani and R. Vallauri and T. Gaskell},
 doi = {10.1002/bbpc.19900940313},
 journal = {Berichte der Bunsengesellschaft f\"{u}r physikalische Chemie},
 month = {March},
 number = {3},
 pages = {261--264},
 publisher = {Wiley},
 title = {Generalized Stokes-Einstein Relation},
 url = {https://doi.org/10.1002/bbpc.19900940313},
 volume = {94},
 year = {1990}
}
